@article{oliveira_analysis_2020,
	title = {Analysis of heterogeneous tests for sheet metal mechanical behavior},
	volume = {47},
	url = {https://www.sciencedirect.com/science/article/pii/S2351978920313251},
	doi = {10.1016/j.promfg.2020.04.259},
	series = {23rd International Conference on Material Forming},
	pages = {831--838},
	journaltitle = {Procedia Manufacturing},
	shortjournal = {Procedia Manufacturing},
	author = {{Oliveira}, M G and {Thuillier}, S and {Andrade-Campos}, A},
	urldate = {2022-03-22},
	date = {2020-01-01},
}

@book{pierron_virtual_2012,
	location = {New York, {NY}, {USA}},
	title = {The Virtual Fields Method: Extracting Constitutive Mechanical Parameters from Full-field Deformation Measurements},
	url = {http://link.springer.com/10.1007/978-1-4614-1824-5},
	publisher = {Springer},
	author = {{Pierron}, F and {Grédiac}, M},
	urldate = {2022-03-22},
	date = {2012},
	doi = {10.1007/978-1-4614-1824-5},
}

@inproceedings{oliveira_optimisation_2021,
	location = {Liège, Belgium},
	title = {On the optimisation efficiency for the inverse identification of constitutive model parameters},
	volume = {14--16},
	doi = {10.25518/esaform21.1486},
	booktitle = {Proceedings of the 24th International {ESAFORM} Conference on Material Forming},
	author = {{Oliveira}, M G and {Martins}, J M P and {Coelho}, B and {Thuillier}, S and {Andrade-Campos}, A},
	date = {2021-04},
	note = {Days: 14-16},
}

@online{farnam_street_multiplicative_2016,
	title = {Multiplicative Systems: Understanding The Power of Multiplying by Zero},
	url = {https://fs.blog/multiplicative-systems/},
	titleaddon = {fs.blog},
	author = {{{Farnam Street}}},
	urldate = {2022-10-29},
	date = {2016-08-15},
}